@misc{hpc-tutorials-llnl-reduction,
    author = "{Lawrence Livermore National Laboratory}",
    title = "{OpenMP Directives: Data Scope Attribute Clauses: REDUCTION Clause}",
    howpublished = "\url{https://hpc-tutorials.llnl.gov/openmp/reduction_clause/}",
    note = "[Online; accessed March 15, 2024]",
    year = {2024}
}

@misc{hpc-tutorials-llnl-critical,
    author = "{Lawrence Livermore National Laboratory}",
    title = "{OpenMP Directives: Synchronization Constructs: CRITICAL Directive}",
    howpublished = "\url{https://hpc-tutorials.llnl.gov/openmp/critical_directive/}",
    note = "[Online; accessed March 15, 2024]",
    year = {2024}
}
