@misc{wiki-epyc,
  title        = {{AMD EPYC}},
  howpublished = {\url{https://en.wikipedia.org/wiki/Epyc}},
  note         = {[Online; accessed 27-February-2024]}
}

@misc{hager2021amd,
  author       = {Hager, Georg},
  title        = {Is {AMD}'s {EPYC} the right architecture for extreme-scale computing?},
  year         = {2021},
  howpublished = {\url{https://blogs.fau.de/hager/files/2021/10/sc21-01_architecture.pdf}},
  note         = {[Online; accessed 27-February-2024]}
}

@misc{amd-epyc-7H12,
  author       = {{Advanced Micro Devices, Inc.}},
  year         = {2019},
  title        = {{AMD EPYC 7H12 Processor}},
  howpublished = {\url{https://www.amd.com/en/products/cpu/amd-epyc-7H12}},
  note         = {[Online; accessed 27-February-2024]}
}

@misc{amd-epyc-7763,
  author       = {{Advanced Micro Devices, Inc.}},
  year         = {2021},
  title        = {{AMD EPYC 7763 Processor}},
  howpublished = {\url{https://www.amd.com/en/products/cpu/amd-epyc-7763}},
  note         = {[Online; accessed 27-February-2024]}
}

@misc{uops-info,
  title        = {{uops.info}},
  howpublished = {\url{https://uops.info/table.html}},
  note         = {[Online; accessed 28-February-2024]}
}

@misc{euler-ethz,
  title        = {{Euler}},
  author       = {ETH Zurich},
  howpublished = {\url{https://scicomp.ethz.ch/wiki/Euler}},
  note         = {[Online; accessed 28-February-2024]}
}

@misc{intel-oneapi,
  author       = {Intel},
  title        = {{Intel oneAPI DPC++/C++ Compiler Developer Guide and Reference}},
  howpublished = {\url{https://cdrdv2.intel.com/v1/dl/getContent/792222?fileName=dpcpp-cpp-compiler_developer-guide-reference_2024.0-767253-792222.pdf}},
  year         = {2024},
  note         = {[Online; accessed 5-Mars-2024]}
}